<record><leader>00000cas a22000007a 4500</leader><controlfield tag="001">27084856</controlfield><controlfield tag="008">921208d19401943cauwr ne      0    0eng d</controlfield><datafield ind1=" " ind2=" " tag="010"><subfield code="a">sn 92070159 </subfield></datafield><datafield ind1=" " ind2=" " tag="040"><subfield code="a">CNK</subfield><subfield code="b">eng</subfield><subfield code="c">CNK</subfield><subfield code="d">OCLCQ</subfield></datafield><datafield ind1=" " ind2=" " tag="042"><subfield code="a">msc</subfield></datafield><datafield ind1="0" ind2="0" tag="245"><subfield code="a">Free Oakland press.</subfield></datafield><datafield ind1="3" ind2="0" tag="246"><subfield code="a">Oakland free press</subfield></datafield><datafield ind1="3" ind2="0" tag="246"><subfield code="a">Reilly's free Oakland press</subfield></datafield><datafield ind1=" " ind2=" " tag="260"><subfield code="a">Oakland, Calif. :</subfield><subfield code="b">Free Press Corp.</subfield></datafield><datafield ind1=" " ind2=" " tag="300"><subfield code="a">v.</subfield></datafield><datafield ind1=" " ind2=" " tag="310"><subfield code="a">Weekly</subfield></datafield><datafield ind1="0" ind2=" " tag="362"><subfield code="a">Vol. 27, no. 21 (Aug. 6, 1940)-v. 29, no. 46 (Mar. 23, 1943).</subfield></datafield><datafield ind1=" " ind2=" " tag="500"><subfield code="a">"Reilly's" appears in box to left of title, Aug. 13, 1940-Nov. 10, 1942.</subfield></datafield><datafield ind1=" " ind2="4" tag="651"><subfield code="a">Alameda County (Calif.)</subfield><subfield code="v">Newspapers.</subfield></datafield><datafield ind1=" " ind2=" " tag="752"><subfield code="a">United States</subfield><subfield code="b">California</subfield><subfield code="c">Alameda</subfield><subfield code="d">Oakland.</subfield></datafield><datafield ind1="0" ind2="0" tag="780"><subfield code="t">Free press (Oakland, Calif.)</subfield><subfield code="w">(DLC)sn 92069517</subfield></datafield><datafield ind1="0" ind2="0" tag="785"><subfield code="t">Oakland free press</subfield><subfield code="w">(DLC)sn 92070160</subfield></datafield><datafield ind1="1" ind2=" " tag="029"><subfield code="a">AU@</subfield><subfield code="b">000020736925</subfield></datafield></record>